<?xml version="1.0" encoding="UTF-8"?><collection xmlns="http://www.loc.gov/MARC21/slim"><record><leader>00483nam--2200181-u-4500</leader><controlfield tag="001">000056848</controlfield><controlfield tag="002">20200910</controlfield><controlfield tag="005">20200910031940</controlfield><controlfield tag="008">200910s1000------------r-----000-0-rum-d</controlfield><datafield ind1=" " ind2=" " tag="040"><subfield code="a">IFIN-HH</subfield></datafield><datafield ind1="1" ind2=" " tag="041"><subfield code="a">rum</subfield></datafield><datafield ind1="1" ind2=" " tag="100"><subfield code="a">Titeica, Serban</subfield></datafield><datafield ind1="1" ind2="0" tag="245"><subfield code="a">Lectii de teoria nucleului atomic</subfield><subfield code="c">Serban Titeica</subfield></datafield><datafield ind1=" " ind2=" " tag="260"><subfield code="a">Bucuresti</subfield><subfield code="b">Editura Academiei</subfield><subfield code="c">2007</subfield></datafield><datafield ind1=" " ind2=" " tag="300"><subfield code="a">164 p</subfield></datafield><datafield ind1=" " ind2=" " tag="500"><subfield code="a">Donatie Acad. Nicolae Victor Zamfir</subfield></datafield><datafield ind1="1" ind2=" " tag="852"><subfield code="a">82796</subfield><subfield code="c">N.V.Z</subfield></datafield><datafield ind1=" " ind2=" " tag="CAT"><subfield code="a">SYS</subfield><subfield code="c">20200910</subfield><subfield code="h">031940</subfield></datafield></record></collection>